<record><leader>00000cas a22000007a 4500</leader><controlfield tag="001">25053176</controlfield><controlfield tag="008">920106d188618uuohumr ne      0    0eng d</controlfield><datafield ind1=" " ind2=" " tag="010"><subfield code="a">sn 91069181 </subfield></datafield><datafield ind1=" " ind2=" " tag="040"><subfield code="a">ONP</subfield><subfield code="b">eng</subfield><subfield code="c">ONP</subfield><subfield code="d">OCLCQ</subfield></datafield><datafield ind1=" " ind2=" " tag="042"><subfield code="a">msc</subfield></datafield><datafield ind1="0" ind2=" " tag="130"><subfield code="a">Jumbo (Oberlin, Ohio)</subfield></datafield><datafield ind1="1" ind2="0" tag="245"><subfield code="a">Jumbo.</subfield></datafield><datafield ind1=" " ind2=" " tag="260"><subfield code="a">[Oberlin, Ohio] :</subfield><subfield code="b">D.C. Churchill &amp; W.E. Hatch</subfield></datafield><datafield ind1=" " ind2=" " tag="300"><subfield code="a">v.</subfield></datafield><datafield ind1=" " ind2=" " tag="310"><subfield code="a">Monthly</subfield></datafield><datafield ind1="1" ind2=" " tag="362"><subfield code="a">Began with Sept. 1886 issue.</subfield></datafield><datafield ind1=" " ind2=" " tag="500"><subfield code="a">"A midget paper."</subfield></datafield><datafield ind1=" " ind2=" " tag="588"><subfield code="a">Description based on: Vol. 1, no. 2 (Oct. 1886).</subfield></datafield><datafield ind1=" " ind2=" " tag="752"><subfield code="a">United States</subfield><subfield code="b">Ohio</subfield><subfield code="c">Lorain</subfield><subfield code="d">Oberlin.</subfield></datafield></record>